@article{bar1992bayesian,
  title={Bayesian inference for the power law process},
  author={Bar-Lev, Shaul K and Lavi, Idit and Reiser, Benjamin},
  journal={Annals of the Institute of Statistical Mathematics},
  volume={44},
  number={4},
  pages={623--639},
  year={1992},
  publisher={Springer}
}

@article{rigdon1989power,
  title={The power law process: a model for the reliability of repairable systems},
  author={Rigdon, Steven E and Basu, Asit P},
  journal={Journal of Quality Technology},
  volume={21},
  number={4},
  pages={251--260},
  year={1989},
  publisher={Taylor \& Francis}
}

@article{martz1975pooling,
  title={Pooling life-test data by means of the empirical Bayes method},
  author={Martz, HF},
  journal={IEEE Transactions on Reliability},
  volume={24},
  number={1},
  pages={27--30},
  year={1975},
  publisher={IEEE}
}