@article{betancourt2016diagnosing,
  title={Diagnosing Suboptimal Cotangent Disintegrations in Hamiltonian Monte Carlo},
  author={Betancourt, Michael},
  journal={arXiv preprint arXiv:1604.00695},
  year={2016}
}

